@article{McDermott2011926,
title = "Sound Texture Perception via Statistics of the Auditory Periphery: Evidence from Sound Synthesis ",
journal = "Neuron ",
volume = "71",
number = "5",
pages = "926 - 940",
year = "2011",
note = "",
issn = "0896-6273",
doi = "http://dx.doi.org/10.1016/j.neuron.2011.06.032",
url = "http://www.sciencedirect.com/science/article/pii/S0896627311005629",
author = "Josh H. McDermott and Eero P. Simoncelli"
}

@article{mcdermott2013summary,
  title={Summary statistics in auditory perception},
  author={McDermott, Josh H and Schemitsch, Michael and Simoncelli, Eero P},
  journal={Nature neuroscience},
  volume={16},
  number={4},
  pages={493--498},
  year={2013},
  publisher={Nature Publishing Group}
}

@inproceedings{mcfee2015librosa,
  title={librosa: Audio and Music Signal Analysis in Python},
  author={McFee, Brian and Raffel, Colin and Liang, Dawen and Ellis, Daniel PW and McVicar, Matt and Battenberg, Eric and Nieto, Oriol},
  year={2015}
}

@phdthesis{saint1995classification,
  title={Classification of sound textures},
  author={Saint-Arnaud, Nicolas},
  year={1995},
  school={Massachusetts Institute of Technology}
}

@inproceedings{schwarz2011state,
  title={State of the art in sound texture synthesis},
  author={Schwarz, Diemo},
  booktitle={Proc. Digital Audio Effects (DAFx)},
  pages={221--231},
  year={2011}
}

@inproceedings{kersten2010sound,
  title={Sound texture synthesis with hidden markov tree models in the wavelet domain},
  author={Kersten, Stefan and Purwins, Hendrik},
  booktitle={Sound and Music Computing Conference},
  year={2010}
}

@inproceedings{saint1995analysis,
  title={Analysis and synthesis of sound textures},
  author={Saint-Arnaud, Nicolas and Popat, Kris},
  booktitle={in Readings in Computational Auditory Scene Analysis},
  year={1995},
  organization={Citeseer}
}

@article{negahban2011estimation,
  title={Estimation of (near) low-rank matrices with noise and high-dimensional scaling},
  author={Negahban, Sahand and Wainwright, Martin J},
  journal={The Annals of Statistics},
  pages={1069--1097},
  year={2011},
  publisher={JSTOR}
}

@inproceedings{mcfee2015librosa,
  title={librosa: Audio and Music Signal Analysis in Python},
  author={McFee, Brian and Raffel, Colin and Liang, Dawen and Ellis, Daniel PW and McVicar, Matt and Battenberg, Eric and Nieto, Oriol},
  booktitle={Proceedings of the 14th Python in Science Conference},
  year={2015}
}

@article{portilla2000parametric,
  title={A parametric texture model based on joint statistics of complex wavelet coefficients},
  author={Portilla, Javier and Simoncelli, Eero P},
  journal={International Journal of Computer Vision},
  volume={40},
  number={1},
  pages={49--70},
  year={2000},
  publisher={Springer}
}

@article{scikit-learn,
 title={Scikit-learn: Machine Learning in {P}ython},
 author={Pedregosa, F. and Varoquaux, G. and Gramfort, A. and Michel, V.
         and Thirion, B. and Grisel, O. and Blondel, M. and Prettenhofer, P.
         and Weiss, R. and Dubourg, V. and Vanderplas, J. and Passos, A. and
         Cournapeau, D. and Brucher, M. and Perrot, M. and Duchesnay, E.},
 journal={Journal of Machine Learning Research},
 volume={12},
 pages={2825--2830},
 year={2011}
}

@article{julesz1962visual,
  title={Visual pattern discrimination},
  author={Julesz, Bela},
  journal={Information Theory, IRE Transactions on},
  volume={8},
  number={2},
  pages={84--92},
  year={1962},
  publisher={IEEE}
}

@article{julesz1981textons,
  title={Textons, the elements of texture perception, and their interactions},
  author={Julesz, Bela},
  journal={Nature},
  volume={290},
  number={5802},
  pages={91--97},
  year={1981}
}

@Misc{scipy,
  author =    {Eric Jones and Travis Oliphant and Pearu Peterson and others},
  title =     {{SciPy}: Open source scientific tools for {Python}},
  year =      {2001--},
  url = "http://www.scipy.org/",
  note = {[Online; accessed December 10, 2015]}
}

@ARTICLE{numpy,
author={van der Walt, S. and Colbert, S.C. and Varoquaux, G.},
journal={Computing in Science Engineering},
title={The NumPy Array: A Structure for Efficient Numerical Computation},
year={2011},
volume={13},
number={2},
pages={22-30},
keywords={data structures;high level languages;mathematics computing;numerical analysis;Python programming language;high level language;numerical computation;numerical data;numpy array;Arrays;Computational efficiency;Finite element methods;Numerical analysis;Performance evaluation;Resource management;Vector quantization;NumPy;Python;numerical computations;programming libraries;scientific programming},
doi={10.1109/MCSE.2011.37},
ISSN={1521-9615},
month={March},}

@book{tomita2013computer,
  title={Computer analysis of visual textures},
  author={Tomita, Fumiaki and Tsuji, Saburo},
  volume={102},
  year={2013},
  publisher={Springer Science \& Business Media}
}